
03300000        2000639367000311329700005019222                         FCA COMERCIO EXTERIOR E LOGISTBANCO SANTANDER                         123092021      000001040                                                                          
03300011R01  030 2000639367000311                    000000000000001     FCA COMERCIO EXTERIOR E LOGIST                                                                                0000000123092021                                         
0330001300001P 003297201300107120130010712  0000001234561511  ?              0810202100000000000001032972 04N23092021208102021000000000000001000000000000000000000000000000000000000000000000000000                         000101500           
0330001300002Q 002014253122000102GOPORTHOS AGENCIAMENTO DE CARGAS INTERNAAV PRESIDENTE KENNEDY                   CIDADE NOVA    13134170INDAIATUBA     SP0000000000000000                                        000000000000                   
0330001300003R 02000000000000000000000000                        000000000000000000000001                                                                                                                                                       
03300015         000005                                                                                                                                                                                                                         
03399999         000001000007                                                                                                                                                                                                                   
