
03300000        2000639367000311329700005019222                         FCA COMERCIO EXTERIOR E LOGISTBANCO SANTANDER                         129102021      002802040                                                                          
03300011R01  030 2000639367000311                    329700005019222     FCA COMERCIO EXTERIOR E LOGISTAPOS VCTO MULTA 2% E JUROS 1% A.M.      ATUALIZAR EM SANTANDER.COM.BR/BOLETOS   0000000129102021                                         
0330001300001P 013297201300107120130010712  0000000001252511  ND 006012      3010202100000000000200032972 04N29102021230102021000000000100000000000000000000000000000000000000000000000000000000000                         000101500           
0330001300002Q 012014253122000102GOPORTHOS AGENCIAMENTO DE CARGAS INTERNAAV PRESIDENTE KENNEDY                   CIDADE NOVA    13134170INDAIATUBA     SP0000000000000000                                        000000000000                   
0330001300003R 01000000000000000000000000                        200000000000000000000200                                                                                                                                                       
03300015         000005                                                                                                                                                                                                                         
03399999         000001000007                                                                                                                                                                                                                   
