03300000        2000639367000311329700005019222                         FCA COMERCIO EXTERIOR E LOGISTBANCO SANTANDER                         103082022      003174040                                                                          
03300011R01  030 2000639367000311                    329700005019222     FCA COMERCIO EXTERIOR E LOGISTAPOS VCTO MULTA 2% E JUROS 1% A.M.      ATUALIZAR EM SANTANDER.COM.BR/BOLETOS   0000000103082022                                         
0330001300001P 013297201300107120130010712  0000000004235511  M37550921      0408202200000000088317232972 04N03082022204082022000000000100000000000000000000000000000000000000000000000000000000000                         000101500           
0330001300002Q 012026342353000163G L B AGENCIAMENTO MARITIMO INTERNACIONAAVENIDA DAS NACOES UNIDAS               VILA GERTRUDES 08674250SAO PAULO      SP0000000000000000                                        000000000000                   
0330001300003R 01000000000000000000000000                        200000000000000000000200                                                                                                                                                       
03300015         000005                                                                                                                                                                                                                         
03399999         000001000007                                                                                                                                                                                                                   
