03300000        2000639367000311329700005019222                         FCA COMERCIO EXTERIOR E LOGISTBANCO SANTANDER                         115082022      003190040                                                                          
03300011R01  030 2000639367000311                    329700005019222     FCA COMERCIO EXTERIOR E LOGISTAPOS VCTO MULTA 2% E JUROS 1% A.M.      ATUALIZAR EM SANTANDER.COM.BR/BOLETOS   0000000115082022                                         
0330001300001P 013297201300107120130010712  0000000004405511  M33080921      1608202200000000035799732972 04N15082022216082022000000000100000000000000000000000000000000000000000000000000000000000                         000101500           
0330001300002Q 012004626426000297SERTRADING (BR) LTDA.                   AVENIDA CORONEL MARCOS KONDER           CENTRO         88301302ITAJAI         SC0000000000000000                                        000000000000                   
0330001300003R 01000000000000000000000000                        200000000000000000000200          ND 006021                                                                                                                                    
03300015         000005                                                                                                                                                                                                                         
03399999         000001000007                                                                                                                                                                                                                   
