
03300000        2000639367000311329700005019222                         FCA COMERCIO EXTERIOR E LOGISTBANCO SANTANDER                         122102021      002795040                                                                          
03300011R01  030 2000639367000311                    329700005019222     FCA COMERCIO EXTERIOR E LOGISTAPOS VCTO MULTA 2% E JUROS 1% A.M.      ATUALIZAR EM SANTANDER.COM.BR/BOLETOS   0000000122102021                                         
0330001300001P 013297201300107120130010712  0000000001198511  ND 006004      0909202100000001734655832972 04N22102021209092021000000000100000000000000000000000000000000000000000000000000000000000                         000101500           
0330001300002Q 012010409614000347ALTA - AMERICA LATINA TECNOLOGIA AGRICOLROD PRESIDENTE CASTELO BRANCO A         BAIRRO DOS ALTO06421400BARUERI        SP0000000000000000                                        000000000000                   
0330001300003R 01000000000000000000000000                        200000000000000000000200                                                                                                                                                       
03300015         000005                                                                                                                                                                                                                         
03399999         000001000007                                                                                                                                                                                                                   
