
03300000        2000639367000311329700005019222                         FCA COMERCIO EXTERIOR E LOGISTBANCO SANTANDER                         120102021      002788040                                                                          
03300011R01  030 2000639367000311                    329700005019222     FCA COMERCIO EXTERIOR E LOGISTAPOS VCTO MULTA 2% E JUROS 1% A.M.      ATUALIZAR EM SANTANDER.COM.BR/BOLETOS   0000000120102021                                         
0330001300001P 013297201300107120130010712  0000000000949511  00007270       0910202100000001443722332972 04N30092021209102021000000000100000000000000000000000000000000000000000000000000000000000                         000101500           
0330001300002Q 012010409614000347ALTA - AMERICA LATINA TECNOLOGIA AGRICOLROD PRESIDENTE CASTELO BRANCO           BAIRRO DOS ALTO06421400BARUERI        SP0000000000000000                                        000000000000                   
0330001300003R 01000000000000000000000000                        200000000000000000000200                                                                                                                                                       
0330001300004P 013297201300107120130010712  0000000000892511  0              2109202100000000000001032972 04N05102021221092021000000000100000000000000000000000000000000000000000000000000000000000                         000101500           
0330001300005Q 012014253122000102GOPORTHOS AGENCIAMENTO DE CARGAS INTERNAAV PRESIDENTE KENNEDY                   CIDADE NOVA    13134170INDAIATUBA     SP0000000000000000                                        000000000000                   
0330001300006R 01000000000000000000000000                        200000000000000000000200                                                                                                                                                       
03300015         000008                                                                                                                                                                                                                         
03399999         000001000010                                                                                                                                                                                                                   
