03300000        2000639367000311329700005019222                         FCA COMERCIO EXTERIOR E LOGISTBANCO SANTANDER                         110082022      003176040                                                                          
03300011R01  030 2000639367000311                    329700005019222     FCA COMERCIO EXTERIOR E LOGISTAPOS VCTO MULTA 2% E JUROS 1% A.M.      ATUALIZAR EM SANTANDER.COM.BR/BOLETOS   0000000110082022                                         
0330001300001P 013297201300107120130010712  0000000004316511  ND 006015      1108202200000000062468732972 04N10082022211082022000000000100000000000000000000000000000000000000000000000000000000000                         000101500           
0330001300002Q 012080663883000159PROVOLT TECNOLOGIA ELETRONICA LTDA      RUA  DR. PEDRO ZIMMERMANN               SALTO DO NORTE 89065000BLUMENAU       SC0000000000000000                                        000000000000                   
0330001300003R 01000000000000000000000000                        200000000000000000000200                                                                                                                                                       
03300015         000005                                                                                                                                                                                                                         
03399999         000001000007                                                                                                                                                                                                                   
