
03300000        2000639367000311329700005019222                         FCA COMERCIO EXTERIOR E LOGISTBANCO SANTANDER                         129092021      002565040                                                                          
03300011R01  030 2000639367000311                    329700005019222     FCA COMERCIO EXTERIOR E LOGISTAPOS VCTO MULTA 2% E JUROS 1% A.M.      ATUALIZAR EM SANTANDER.COM.BR/BOLETOS   0000000129092021                                         
0330001300001P 013297201300107120130010712  0000000000795511  00007270       0910202100000001443722332972 04N29092021209102021000000000000001000000000000000000000000000000000000000000000000000000                         000101500           
0330001300002Q 002010409614000347ALTA - AMERICA LATINA TECNOLOGIA AGRICOLROD PRESIDENTE CASTELO BRANCO           BAIRRO DOS ALTO06421400BARUERI        SP0000000000000000                                        000000000000                   
0330001300003R 02000000000000000000000000                        000000000000000000000001                                                                                                                                                       
03300015         000005                                                                                                                                                                                                                         
03399999         000001000007                                                                                                                                                                                                                   
